@book{edmund,
    title = {Fundamentals of Sensor Fusion: Target Tracking, Navigation and SLAM},
    author = {Edmund Brekke},
    year = {2019},
    keywords = {sensor fusion},
}

@manual{stim300,
    title={STIM300 Intertial Measurement Unit},
    address={https://www.sensonor.com/media/1308/ts1524r24-datasheet-stim300.pdf}'
}